<?xml version="1.0" encoding="UTF-8"?><collection xmlns="http://www.loc.gov/MARC21/slim"><record><leader>00391nam--2200157-i-4500</leader><controlfield tag="001">000003121</controlfield><controlfield tag="002">20161230</controlfield><controlfield tag="005">20170220171302</controlfield><controlfield tag="008">060222s1000------------r-----000-0-eng-d</controlfield><datafield ind1=" " ind2=" " tag="100"><subfield code="a">Couzens, E. G</subfield></datafield><datafield ind1=" " ind2=" " tag="245"><subfield code="a">Plastics in the service of man</subfield></datafield><datafield ind1=" " ind2=" " tag="260"><subfield code="a">London</subfield><subfield code="b">Harrison</subfield><subfield code="c">1956</subfield></datafield><datafield ind1=" " ind2=" " tag="300"><subfield code="a">315 p.Cu Fig</subfield></datafield><datafield ind1=" " ind2=" " tag="490"><subfield code="a">Pelican Book</subfield></datafield><datafield ind1=" " ind2=" " tag="700"><subfield code="a">Yarsley, V. E</subfield></datafield><datafield ind1=" " ind2=" " tag="CAT"><subfield code="a">SYS</subfield><subfield code="c">20170220</subfield><subfield code="h">171302</subfield></datafield></record></collection>